
@MANUAL{vscodemarketplace,
  title = {Visual Studio Marketplace},
  note = {\url{https://bit.ly/3zmndSP}}
}
@MANUAL{migration-guide,
  title = {Migration Guide},
  note = {\url{https://bit.ly/3pJuOGB}}
}


@MANUAL{onebodyissue672,
  title = {Onebody-672},
  note = {\url{https://github.com/seven1m/onebody/issues/672}}
}
@inproceedings{wang2017verifying,
  title={Verifying equivalence of database-driven applications},
  author={Wang, Yuepeng and Dillig, Isil and Lahiri, Shuvendu K and Cook, William R},
  booktitle={POPL},
  year={2017}
}

@inproceedings{qiu2013empirical,
  title={An empirical analysis of the co-evolution of schema and code in database applications},
  author={Qiu, Dong and Li, Bixin and Su, Zhendong},
  booktitle={FSE},
  year={2013}
}

@MANUAL{vscodepop,
  title = {VS Code Popularity},
  note = {\url{http://bit.ly/vscodepopularity}}
}
@MANUAL{webapp,
  title = {Web applications popularity},
  note = {\url{https://bit.ly/3pGFG8j}}
}
@MANUAL{onebody,
  title = {Onebody},
  note = {\url{https://github.com/seven1m/onebody/}}
}


@electronic{rails-pop,
 author   = "",
 title     = "Rails Popularity",
 url       = "http://bit.ly/rails-popular"
 }
 @electronic{django-pop,
 author   = "",
 title     = "Django Popularity",
 url       = " https://bit.ly/3fKHrhp"
 }

@misc{lobsters,
  title = "Lobsters",
  author =       "",
  year =         "",
  title =        "",
  url =          "https://github.com/lobsters/lobsters/",
}
@misc{spree,
  title = "Spree",
  author =       "",
  year =         "",
  title =        "",
  url =          "https://github.com/spree/spree
",
}
@misc{tutorial,
  title = "Tutorial",
  author =       "",
  year =         "",
  title =        "",
  url =          "https://jwyoung1818.github.io/evosaver.mp4",
}

@MANUAL{sourcecode,
  title = {Source code},
  note = {\url{https://github.com/jwjwyoung/EvolutionSaver}}
}

@MANUAL{vscode,
  title = {Visual Studio Code},
  note = {\url{https://visualstudio.com/ }}
}

@inproceedings{wang2019synthesizing,
  title={Synthesizing database programs for schema refactoring},
  author={Wang, Yuepeng and Dong, James and Shah, Rushi and Dillig, Isil},
  booktitle={PLDI},
  year={2019}
}
@MANUAL{hibernate,
  title = {Hibernate},
  note = {\url{http://hibernate.org/}}
}
@MANUAL{rails,
title = {Ruby on Rails},
note = {\url{http://rubyonrails.org/}}
}
@MANUAL{django,
  title = {Django},
  note = {\url{https://www.djangoproject.com/}}
}
@MANUAL{yard,
  title = {Yard},
  note = {\url{https://github.com/lsegal/yard}}
}
@MANUAL{posthog-3061,
  title = {PostHog-3061},
  note = {\url{
https://github.com/PostHog/posthog/pull/3061/}}
}
@MANUAL{zulip-16975,
  title = {Zulip-16975},
  note = {\url{https://github.com/zulip/zulip/pull/16975/ }}
}
@MANUAL{pyparser,
  title = {pyast},
  note = {\url{https://docs.python.org/3/library/ast.html}}
}
@inproceedings{yang2018powerstation,
  title={Powerstation: Automatically detecting and fixing inefficiencies of database-backed web applications in ide},
  author={Yang, Junwen and Yan, Cong and Subramaniam, Pranav and Lu, Shan and Cheung, Alvin},
  booktitle={FSE},
  year={2018}
}
@inproceedings{yang2020managing,
  title={Managing data constraints in database-backed web applications},
  author={Yang, Junwen and Sethi, Utsav and Yan, Cong and Cheung, Alvin and Lu, Shan},
  booktitle={ICSE},
  year={2020}
  }
  @article{chen2016finding0,
  title={Finding and evaluating the performance impact of redundant data access for applications that are developed using object-relational mapping frameworks},
  author={Chen, Tse-Hsun and Shang, Weiyi and Jiang, Zhen Ming and Hassan, Ahmed E and Nasser, Mohamed and Flora, Parminder},
  journal={Transactions on Software Engineering},
  year={2016}
}